@Book{rockets,
  	author = 	 {Ivar Jacobson y Grady Booch},
  	ALTeditor = 	 {},
  	title = 	 {El Proceso Unificado de Desarrollo de Software / Ivar Jacobson, Grady Booch, James Rumbaugh},
  	publisher = 	 {Addison Wesley},
  	year = 	 {2008},
	series = 		{84-7829-036-2},
  	OPTkey = 	 {},
  	OPTvolume = 	 {},
  	OPTnumber = 	 {},
  	OPTaddress = 	 {},
  	OPTedition = 	 {},
  	OPTmonth = 	 {},
  	OPTnote = 	 {},
  	OPTannote = 	 {}
}
