@Book{rockets,
  author = 	 {El autor},
  ALTeditor = 	 {},
  title = 	 {El título del libro},
  publisher = 	 {La editorial},
  year = 	 {2008},
  OPTkey = 	 {},
  OPTvolume = 	 {},
  OPTnumber = 	 {},
  OPTseries = 	 {},
  OPTaddress = 	 {},
  OPTedition = 	 {},
  OPTmonth = 	 {},
  OPTnote = 	 {},
  OPTannote = 	 {}
}
